@misc{guia_poise,
   author = {Programa Operacional Inclusão Social e Emprego (PO ISE)},
   title = {\emph{Guia de Contratação Pública}},
   year = {2022},
   note = {Último acesso em 15/04/2024},
   howpublished = {Disponível em \url{https://poise.portugal2020.pt/documents/10180/123741/Guia+de+Contrata%C3%A7%C3%A3o+P%C3%BAblica_PO+ISE_maio+2022.pdf/002e4f48-4c1d-4cb5-92e9-4f7a039762d9}}
}

@misc{ccp,
   author = {Código dos Contratos Públicos (CCP)},
   title = {\emph{Decreto-Lei n.º 18/2008, de 29 de janeiro}},
   year = {2023},
   note = {Último acesso em 15/04/2024},
   howpublished = {Disponível em \url{https://diariodarepublica.pt/dr/legislacao-consolidada/decreto-lei/2008-34455475}}
}

@misc{lex,
   author = {Código dos Contratos Públicos (CCP)},
   title = {\emph{Decreto-Lei n.º 18/2008, de 29 de janeiro}},
   year = {2023},
   note = {Último acesso em 15/04/2024},
   howpublished = {Disponível em \url{https://diariodarepublica.pt/dr/legislacao-consolidada/decreto-lei/2008-34455475}}
}

@misc{corrections,
   author = {Comissão Europeia},
   title = {\emph{Commission Decision of 14.5.2019 laying down the guidelines for determining financial corrections to be made to expenditure financed by the Union for non - compliance with the applicable rules on public procurement}},
   year = {2019},
   note = {Último acesso em 17/04/2024},
   howpublished = {Disponível em \url{https://ec.europa.eu/regional_policy/en/information/publications/decisions/2019/commission-decision-of-14-5-2019-laying-down-the-guidelines-for-determining-financial-corrections-to-be-made-to-expenditure-financed-by-the-union-for-non-compliance-with-the-applicable-rules-on-public-procurement}}
}

@misc{programaproc,
   author = {Diário da República},
   title = {\emph{Programa do procedimento}},
   year = {},
   note = {Último acesso em 19/04/2024},
   howpublished = {Disponível em \url{https://diariodarepublica.pt/dr/lexionario/termo/programa-procedimento}}
}

@misc{caderno,
   author = {Diário da República},
   title = {\emph{Caderno de Encargos}},
   year = {},
   note = {Último acesso em 19/04/2024},
   howpublished = {Disponível em \url{https://diariodarepublica.pt/dr/lexionario/termo/caderno-encargos}}
}

@misc{ue_dire,
   author = {Parlamento Europeu},
   title = {\emph{Diretiva 2014/24/UE do Parlamento Europeu e do Conselho, de 26 de fevereiro de 2014 , relativa aos contratos públicos e que revoga a Diretiva 2004/18/CE Texto relevante para efeitos do EEE}},
   year = {2024},
   note = {Último acesso em 20/04/2024},
   howpublished = {Disponível em \url{https://eur-lex.europa.eu/eli/dir/2014/24/oj/por}}
}

@misc{ajustedir,
   author = {Diário da República},
   title = {\emph{Ajuste Direto}},
   year = {},
   note = {Último acesso em 22/04/2024},
   howpublished = {Disponível em \url{https://diariodarepublica.pt/dr/lexionario/termo/ajuste-direto}}
}

@misc{consultaprev,
   author = {Diário da República},
   title = {\emph{Consulta Prévia}},
   year = {},
   note = {Último acesso em 22/04/2024},
   howpublished = {Disponível em \url{https://diariodarepublica.pt/dr/lexionario/termo/consulta-previa}}
}

@misc{concursopub,
   author = {Diário da República},
   title = {\emph{Concurso Público}},
   year = {},
   note = {Último acesso em 22/04/2024},
   howpublished = {Disponível em \url{https://diariodarepublica.pt/dr/lexionario/termo/concurso-publico}}
}

@misc{previaqual,
   author = {Diário da República},
   title = {\emph{Concurso Limitado por Prévia Qualificação}},
   year = {},
   note = {Último acesso em 22/04/2024},
   howpublished = {Disponível em \url{https://diariodarepublica.pt/dr/lexionario/termo/concurso-limitado-por-previa-qualificacao}}
}

@misc{dialogoconc,
   author = {Diário da República},
   title = {\emph{Diálogo Concorrencial}},
   year = {},
   note = {Último acesso em 22/04/2024},
   howpublished = {Disponível em \url{https://diariodarepublica.pt/dr/legislacao-consolidada/decreto-lei/2008-34455475-44688075}}
}

@misc{acordoquadro,
   author = {Diário da República},
   title = {\emph{Acordo Quadro}},
   year = {},
   note = {Último acesso em 22/04/2024},
   howpublished = {Disponível em \url{https://diariodarepublica.pt/dr/legislacao-consolidada/decreto-lei/2008-34455475-108092895}}
}

@misc{mistos,
   author = {Diário da República},
   title = {\emph{Contratos Mistos}},
   year = {},
   note = {Último acesso em 22/04/2024},
   howpublished = {Disponível em \url{https://diariodarepublica.pt/dr/lexionario/termo/contratos-mistos-contratacao-publica}}
}

@misc{jardinagem,
   author = {Portal BASE},
   title = {\emph{Detalhes contratuais}},
   year = {},
   note = {Último acesso em 30/04/2024},
   howpublished = {Disponível em \url{https://www.base.gov.pt/Base4/pt/detalhe/?type=contratos&id=9536560}}
}

@misc{ocp,
   author = {Open Contracting Partnership},
   title = {\emph{Better procurement for people and the planet.}},
   year = {2016},
   note = {Último acesso em 15/04/2024},
   howpublished = {Disponível em \url{https://www.open-contracting.org/}}
}

@misc{resource,
   author = {Open Contracting Partnership},
   title = {\emph{}},
   year = {2016},
   note = {Último acesso em 15/04/2024},
   howpublished = {Disponível em \url{https://www.open-contracting.org/resources/?tab=resource-library}}
}

@misc{redflags_guide,
   author = {Open Contracting Partnership},
   title = {\emph{Red Flags for integrity: Giving the green light to open data solution}},
   year = {2016},
   note = {Último acesso em 15/04/2024},
   howpublished = {Disponível em \url{https://www.open-contracting.org/wp-content/uploads/2016/11/OCP2016-Red-flags-for-integrityshared-1.pdf}}
}

@misc{ocp_brief,
   author = {Open Contracting Partnership},
   title = {\emph{Why open contracting is essential to open government}},
   year = {2016},
   note = {Último acesso em 15/04/2024},
   howpublished = {Disponível em \url{https://www.open-contracting.org/resources/why-open-contracting-is-essential-to-open-government/}}
}

@misc{transparency,
   author = {Open Contracting Partnership},
   title = {\emph{Open Contracting: A New Frontier for Transparency and Accountability}},
   year = {2016},
   note = {Último acesso em 15/04/2024},
   howpublished = {Disponível em \url{https://www.open-contracting.org/resources/open-contracting-a-new-frontier-for-transparency-and-accountability/}}
}

@misc{ocp_guide,
   author = {Open Contracting Partnership},
   title = {\emph{Open Contracting Guide}},
   year = {2016},
   note = {Último acesso em 15/04/2024},
   howpublished = {Disponível em \url{https://www.open-contracting.org/resources/open-contracting-guide/}}
}

@misc{report2017,
   author = {Open Contracting Partnership},
   title = {\emph{Annual Report 2017: Serving up transparency and change in public contracting}},
   year = {2017},
   note = {Último acesso em 15/04/2024},
   howpublished = {Disponível em \url{https://www.open-contracting.org/resources/annual-report-2017-serving-transparency-change-public-contracting/}}
}

@misc{report2018,
   author = {Open Contracting Partnership},
   title = {\emph{Annual Report 2018}},
   year = {2018},
   note = {Último acesso em 15/04/2024},
   howpublished = {Disponível em \url{https://www.open-contracting.org/resources/annual-report-2018/}}
}

@misc{report2019,
   author = {Open Contracting Partnership},
   title = {\emph{Annual Report 2019}},
   year = {2019},
   note = {Último acesso em 15/04/2024},
   howpublished = {Disponível em \url{https://www.open-contracting.org/resources/annual-report-2019/}}
}

@misc{report2020,
   author = {Open Contracting Partnership},
   title = {\emph{Annual Report 2020}},
   year = {2020},
   note = {Último acesso em 15/04/2024},
   howpublished = {Disponível em \url{https://www.open-contracting.org/resources/annual-report-2020/}}
}

@misc{report2021,
   author = {Open Contracting Partnership},
   title = {\emph{Annual Report 2021}},
   year = {2021},
   note = {Último acesso em 15/04/2024},
   howpublished = {Disponível em \url{https://www.open-contracting.org/resources/annual-report-2021/}}
}

@misc{idiot_guide,
   author = {Open Contracting Partnership},
   title = {\emph{Idiot’s Guide to Looting Public Procurement and Get Rich Quick}},
   year = {2021},
   note = {Último acesso em 15/04/2024},
   howpublished = {Disponível em \url{https://www.open-contracting.org/resources/idiotsguide/}}
}

@misc{spreadsheet,
   author = {Open Contracting Partnership},
   title = {\emph{Using open contracting data}},
   year = {2021},
   note = {Último acesso em 20/04/2024},
   howpublished = {Disponível em \url{https://www.open-contracting.org/data/data-use/#tools}}
}

@misc{spreadsheet1,
   author = {Open Contracting Partnership},
   title = {\emph{Red Flags to OCDS Mapping}},
   year = {2021},
   note = {Último acesso em 20/04/2024},
   howpublished = {Disponível em \url{https://docs.google.com/spreadsheets/d/12PFkUlQH09jQvcnORjcbh9-8d-NnIuk4mAQwdGiXeSM/edit#gid=2027439485}}
}

